%YAML 1.1
%TAG !u! tag:unity3d.com,2011:
--- !u!1 &6950380783421228444
GameObject:
  m_ObjectHideFlags: 0
  m_CorrespondingSourceObject: {fileID: 0}
  m_PrefabInstance: {fileID: 0}
  m_PrefabAsset: {fileID: 0}
  serializedVersion: 6
  m_Component:
  - component: {fileID: 6950380783420938684}
  m_Layer: 0
  m_Name: mixamorig:Spine1
  m_TagString: Untagged
  m_Icon: {fileID: 0}
  m_NavMeshLayer: 0
  m_StaticEditorFlags: 0
  m_IsActive: 1
--- !u!4 &6950380783420938684
Transform:
  m_ObjectHideFlags: 0
  m_CorrespondingSourceObject: {fileID: 0}
  m_PrefabInstance: {fileID: 0}
  m_PrefabAsset: {fileID: 0}
  m_GameObject: {fileID: 6950380783421228444}
  m_LocalRotation: {x: -0.000000022351742, y: -3.2526065e-19, z: -1.4549986e-11, w: 1}
  m_LocalPosition: {x: -0, y: 0.12145194, z: -5.9604643e-10}
  m_LocalScale: {x: 1, y: 1, z: 1}
  m_Children:
  - {fileID: 6950380783420938686}
  m_Father: {fileID: 6950380783420938690}
  m_RootOrder: 0
  m_LocalEulerAnglesHint: {x: 0, y: 0, z: 0}
--- !u!1 &6950380783421228446
GameObject:
  m_ObjectHideFlags: 0
  m_CorrespondingSourceObject: {fileID: 0}
  m_PrefabInstance: {fileID: 0}
  m_PrefabAsset: {fileID: 0}
  serializedVersion: 6
  m_Component:
  - component: {fileID: 6950380783420938686}
  m_Layer: 0
  m_Name: mixamorig:Spine2
  m_TagString: Untagged
  m_Icon: {fileID: 0}
  m_NavMeshLayer: 0
  m_StaticEditorFlags: 0
  m_IsActive: 1
--- !u!4 &6950380783420938686
Transform:
  m_ObjectHideFlags: 0
  m_CorrespondingSourceObject: {fileID: 0}
  m_PrefabInstance: {fileID: 0}
  m_PrefabAsset: {fileID: 0}
  m_GameObject: {fileID: 6950380783421228446}
  m_LocalRotation: {x: 0.0000000065192585, y: 6.776263e-20, z: 1.8211358e-11, w: 1}
  m_LocalPosition: {x: -1.9812082e-12, y: 0.13880216, z: 0.0000000017881393}
  m_LocalScale: {x: 1, y: 0.99999994, z: 1}
  m_Children:
  - {fileID: 6950380783420938716}
  - {fileID: 6950380783420938714}
  - {fileID: 6950380783420938692}
  m_Father: {fileID: 6950380783420938684}
  m_RootOrder: 0
  m_LocalEulerAnglesHint: {x: 0, y: 0, z: 0}
--- !u!1 &6950380783421228448
GameObject:
  m_ObjectHideFlags: 0
  m_CorrespondingSourceObject: {fileID: 0}
  m_PrefabInstance: {fileID: 0}
  m_PrefabAsset: {fileID: 0}
  serializedVersion: 6
  m_Component:
  - component: {fileID: 6950380783420938688}
  m_Layer: 0
  m_Name: mixamorig:RightUpLeg
  m_TagString: Untagged
  m_Icon: {fileID: 0}
  m_NavMeshLayer: 0
  m_StaticEditorFlags: 0
  m_IsActive: 1
--- !u!4 &6950380783420938688
Transform:
  m_ObjectHideFlags: 0
  m_CorrespondingSourceObject: {fileID: 0}
  m_PrefabInstance: {fileID: 0}
  m_PrefabAsset: {fileID: 0}
  m_GameObject: {fileID: 6950380783421228448}
  m_LocalRotation: {x: 0.000018967829, y: 0.0003540771, z: 0.9985705, w: -0.053449865}
  m_LocalPosition: {x: 0.090064034, y: -0.057719726, z: -0.0038800214}
  m_LocalScale: {x: 0.9999989, y: 0.99999994, z: 1}
  m_Children:
  - {fileID: 6950380783420938698}
  m_Father: {fileID: 6950380783420938738}
  m_RootOrder: 1
  m_LocalEulerAnglesHint: {x: 0, y: 0, z: 0}
--- !u!1 &6950380783421228450
GameObject:
  m_ObjectHideFlags: 0
  m_CorrespondingSourceObject: {fileID: 0}
  m_PrefabInstance: {fileID: 0}
  m_PrefabAsset: {fileID: 0}
  serializedVersion: 6
  m_Component:
  - component: {fileID: 6950380783420938690}
  m_Layer: 0
  m_Name: mixamorig:Spine
  m_TagString: Untagged
  m_Icon: {fileID: 0}
  m_NavMeshLayer: 0
  m_StaticEditorFlags: 0
  m_IsActive: 1
--- !u!4 &6950380783420938690
Transform:
  m_ObjectHideFlags: 0
  m_CorrespondingSourceObject: {fileID: 0}
  m_PrefabInstance: {fileID: 0}
  m_PrefabAsset: {fileID: 0}
  m_GameObject: {fileID: 6950380783421228450}
  m_LocalRotation: {x: -0.019095803, y: 0, z: -0, w: 0.99981767}
  m_LocalPosition: {x: -0, y: 0.10402572, z: -0.0039750887}
  m_LocalScale: {x: 1, y: 0.99999994, z: 0.99999994}
  m_Children:
  - {fileID: 6950380783420938684}
  m_Father: {fileID: 6950380783420938738}
  m_RootOrder: 2
  m_LocalEulerAnglesHint: {x: 0, y: 0, z: 0}
--- !u!1 &6950380783421228452
GameObject:
  m_ObjectHideFlags: 0
  m_CorrespondingSourceObject: {fileID: 0}
  m_PrefabInstance: {fileID: 0}
  m_PrefabAsset: {fileID: 0}
  serializedVersion: 6
  m_Component:
  - component: {fileID: 6950380783420938692}
  m_Layer: 0
  m_Name: mixamorig:RightShoulder
  m_TagString: Untagged
  m_Icon: {fileID: 0}
  m_NavMeshLayer: 0
  m_StaticEditorFlags: 0
  m_IsActive: 1
--- !u!4 &6950380783420938692
Transform:
  m_ObjectHideFlags: 0
  m_CorrespondingSourceObject: {fileID: 0}
  m_PrefabInstance: {fileID: 0}
  m_PrefabAsset: {fileID: 0}
  m_GameObject: {fileID: 6950380783421228452}
  m_LocalRotation: {x: -0.5869666, y: -0.38909328, z: 0.59900695, w: -0.38113952}
  m_LocalPosition: {x: 0.059213232, y: 0.13053103, z: -0.0011877882}
  m_LocalScale: {x: 0.99999994, y: 1, z: 1.0000001}
  m_Children:
  - {fileID: 6950380783420938708}
  m_Father: {fileID: 6950380783420938686}
  m_RootOrder: 2
  m_LocalEulerAnglesHint: {x: 0, y: 0, z: 0}
--- !u!1 &6950380783421228454
GameObject:
  m_ObjectHideFlags: 0
  m_CorrespondingSourceObject: {fileID: 0}
  m_PrefabInstance: {fileID: 0}
  m_PrefabAsset: {fileID: 0}
  serializedVersion: 6
  m_Component:
  - component: {fileID: 6950380783420938694}
  m_Layer: 0
  m_Name: mixamorig:RightToeBase
  m_TagString: Untagged
  m_Icon: {fileID: 0}
  m_NavMeshLayer: 0
  m_StaticEditorFlags: 0
  m_IsActive: 1
--- !u!4 &6950380783420938694
Transform:
  m_ObjectHideFlags: 0
  m_CorrespondingSourceObject: {fileID: 0}
  m_PrefabInstance: {fileID: 0}
  m_PrefabAsset: {fileID: 0}
  m_GameObject: {fileID: 6950380783421228454}
  m_LocalRotation: {x: 0.3243824, y: -0.075295985, z: 0.025912937, w: 0.94256836}
  m_LocalPosition: {x: 0.000000005960464, y: 0.16081119, z: 0.000000029802322}
  m_LocalScale: {x: 1, y: 0.99999994, z: 0.99999994}
  m_Children: []
  m_Father: {fileID: 6950380783420938710}
  m_RootOrder: 0
  m_LocalEulerAnglesHint: {x: 0, y: 0, z: 0}
--- !u!1 &6950380783421228456
GameObject:
  m_ObjectHideFlags: 0
  m_CorrespondingSourceObject: {fileID: 0}
  m_PrefabInstance: {fileID: 0}
  m_PrefabAsset: {fileID: 0}
  serializedVersion: 6
  m_Component:
  - component: {fileID: 6950380783420938696}
  m_Layer: 0
  m_Name: mixamorig:RightHandIndex3
  m_TagString: Untagged
  m_Icon: {fileID: 0}
  m_NavMeshLayer: 0
  m_StaticEditorFlags: 0
  m_IsActive: 1
--- !u!4 &6950380783420938696
Transform:
  m_ObjectHideFlags: 0
  m_CorrespondingSourceObject: {fileID: 0}
  m_PrefabInstance: {fileID: 0}
  m_PrefabAsset: {fileID: 0}
  m_GameObject: {fileID: 6950380783421228456}
  m_LocalRotation: {x: 0.1940548, y: -0.000002447315, z: -0.09556459, w: 0.97632486}
  m_LocalPosition: {x: 0.0036326598, y: 0.044773534, z: -0.0037969875}
  m_LocalScale: {x: 1, y: 0.99999994, z: 1}
  m_Children:
  - {fileID: 1525420990324499779}
  m_Father: {fileID: 6950380783420938702}
  m_RootOrder: 0
  m_LocalEulerAnglesHint: {x: 0, y: 0, z: 0}
--- !u!1 &6950380783421228458
GameObject:
  m_ObjectHideFlags: 0
  m_CorrespondingSourceObject: {fileID: 0}
  m_PrefabInstance: {fileID: 0}
  m_PrefabAsset: {fileID: 0}
  serializedVersion: 6
  m_Component:
  - component: {fileID: 6950380783420938698}
  m_Layer: 0
  m_Name: mixamorig:RightLeg
  m_TagString: Untagged
  m_Icon: {fileID: 0}
  m_NavMeshLayer: 0
  m_StaticEditorFlags: 0
  m_IsActive: 1
--- !u!4 &6950380783420938698
Transform:
  m_ObjectHideFlags: 0
  m_CorrespondingSourceObject: {fileID: 0}
  m_PrefabInstance: {fileID: 0}
  m_PrefabAsset: {fileID: 0}
  m_GameObject: {fileID: 6950380783421228458}
  m_LocalRotation: {x: -0.010085804, y: 0.00007018855, z: -0.0068882816, w: 0.99992543}
  m_LocalPosition: {x: 4.087633e-10, y: 0.40843242, z: 0.000000003769695}
  m_LocalScale: {x: 0.9999999, y: 1, z: 0.99999994}
  m_Children:
  - {fileID: 6950380783420938710}
  m_Father: {fileID: 6950380783420938688}
  m_RootOrder: 0
  m_LocalEulerAnglesHint: {x: 0, y: 0, z: 0}
--- !u!1 &6950380783421228460
GameObject:
  m_ObjectHideFlags: 0
  m_CorrespondingSourceObject: {fileID: 0}
  m_PrefabInstance: {fileID: 0}
  m_PrefabAsset: {fileID: 0}
  serializedVersion: 6
  m_Component:
  - component: {fileID: 6950380783420938700}
  m_Layer: 0
  m_Name: mixamorig:RightHandIndex1
  m_TagString: Untagged
  m_Icon: {fileID: 0}
  m_NavMeshLayer: 0
  m_StaticEditorFlags: 0
  m_IsActive: 1
--- !u!4 &6950380783420938700
Transform:
  m_ObjectHideFlags: 0
  m_CorrespondingSourceObject: {fileID: 0}
  m_PrefabInstance: {fileID: 0}
  m_PrefabAsset: {fileID: 0}
  m_GameObject: {fileID: 6950380783421228460}
  m_LocalRotation: {x: 0.26888907, y: 0.5354337, z: -0.18481551, w: 0.77900755}
  m_LocalPosition: {x: -0.0000000333786, y: 0.07125921, z: 0.00000009149313}
  m_LocalScale: {x: 1, y: 0.99999994, z: 0.99999994}
  m_Children:
  - {fileID: 6950380783420938702}
  m_Father: {fileID: 6950380783420938706}
  m_RootOrder: 0
  m_LocalEulerAnglesHint: {x: 0, y: 0, z: 0}
--- !u!1 &6950380783421228462
GameObject:
  m_ObjectHideFlags: 0
  m_CorrespondingSourceObject: {fileID: 0}
  m_PrefabInstance: {fileID: 0}
  m_PrefabAsset: {fileID: 0}
  serializedVersion: 6
  m_Component:
  - component: {fileID: 6950380783420938702}
  m_Layer: 0
  m_Name: mixamorig:RightHandIndex2
  m_TagString: Untagged
  m_Icon: {fileID: 0}
  m_NavMeshLayer: 0
  m_StaticEditorFlags: 0
  m_IsActive: 1
--- !u!4 &6950380783420938702
Transform:
  m_ObjectHideFlags: 0
  m_CorrespondingSourceObject: {fileID: 0}
  m_PrefabInstance: {fileID: 0}
  m_PrefabAsset: {fileID: 0}
  m_GameObject: {fileID: 6950380783421228462}
  m_LocalRotation: {x: -0.19405435, y: 0.00000038159857, z: 0.095565595, w: 0.9763248}
  m_LocalPosition: {x: 0.000000057220458, y: 0.030828401, z: -0.000000023841856}
  m_LocalScale: {x: 1, y: 1, z: 0.99999994}
  m_Children:
  - {fileID: 6950380783420938696}
  m_Father: {fileID: 6950380783420938700}
  m_RootOrder: 0
  m_LocalEulerAnglesHint: {x: 0, y: 0, z: 0}
--- !u!1 &6950380783421228464
GameObject:
  m_ObjectHideFlags: 0
  m_CorrespondingSourceObject: {fileID: 0}
  m_PrefabInstance: {fileID: 0}
  m_PrefabAsset: {fileID: 0}
  serializedVersion: 6
  m_Component:
  - component: {fileID: 6950380783420938704}
  m_Layer: 0
  m_Name: mixamorig:RightForeArm
  m_TagString: Untagged
  m_Icon: {fileID: 0}
  m_NavMeshLayer: 0
  m_StaticEditorFlags: 0
  m_IsActive: 1
--- !u!4 &6950380783420938704
Transform:
  m_ObjectHideFlags: 0
  m_CorrespondingSourceObject: {fileID: 0}
  m_PrefabInstance: {fileID: 0}
  m_PrefabAsset: {fileID: 0}
  m_GameObject: {fileID: 6950380783421228464}
  m_LocalRotation: {x: 0.067181334, y: 0.0043797954, z: 0.06490898, w: 0.99561757}
  m_LocalPosition: {x: 0.000000011920928, y: 0.26618657, z: -0.000000088214875}
  m_LocalScale: {x: 0.99999994, y: 1, z: 1}
  m_Children:
  - {fileID: 6950380783420938706}
  m_Father: {fileID: 6950380783420938708}
  m_RootOrder: 0
  m_LocalEulerAnglesHint: {x: 0, y: 0, z: 0}
--- !u!1 &6950380783421228466
GameObject:
  m_ObjectHideFlags: 0
  m_CorrespondingSourceObject: {fileID: 0}
  m_PrefabInstance: {fileID: 0}
  m_PrefabAsset: {fileID: 0}
  serializedVersion: 6
  m_Component:
  - component: {fileID: 6950380783420938706}
  m_Layer: 0
  m_Name: mixamorig:RightHand
  m_TagString: Untagged
  m_Icon: {fileID: 0}
  m_NavMeshLayer: 0
  m_StaticEditorFlags: 0
  m_IsActive: 1
--- !u!4 &6950380783420938706
Transform:
  m_ObjectHideFlags: 0
  m_CorrespondingSourceObject: {fileID: 0}
  m_PrefabInstance: {fileID: 0}
  m_PrefabAsset: {fileID: 0}
  m_GameObject: {fileID: 6950380783421228466}
  m_LocalRotation: {x: -0.0040544476, y: -0.00044277668, z: 0.108663894, w: 0.9940702}
  m_LocalPosition: {x: 0.0000000023841857, y: 0.26587212, z: 0.00000005155802}
  m_LocalScale: {x: 1, y: 1, z: 0.99999994}
  m_Children:
  - {fileID: 6950380783420938700}
  m_Father: {fileID: 6950380783420938704}
  m_RootOrder: 0
  m_LocalEulerAnglesHint: {x: 0, y: 0, z: 0}
--- !u!1 &6950380783421228468
GameObject:
  m_ObjectHideFlags: 0
  m_CorrespondingSourceObject: {fileID: 0}
  m_PrefabInstance: {fileID: 0}
  m_PrefabAsset: {fileID: 0}
  serializedVersion: 6
  m_Component:
  - component: {fileID: 6950380783420938708}
  m_Layer: 0
  m_Name: mixamorig:RightArm
  m_TagString: Untagged
  m_Icon: {fileID: 0}
  m_NavMeshLayer: 0
  m_StaticEditorFlags: 0
  m_IsActive: 1
--- !u!4 &6950380783420938708
Transform:
  m_ObjectHideFlags: 0
  m_CorrespondingSourceObject: {fileID: 0}
  m_PrefabInstance: {fileID: 0}
  m_PrefabAsset: {fileID: 0}
  m_GameObject: {fileID: 6950380783421228468}
  m_LocalRotation: {x: 0.11476253, y: -0.0072332793, z: -0.06248559, w: 0.9913994}
  m_LocalPosition: {x: -0.000000005662441, y: 0.13183503, z: 0.000000074654814}
  m_LocalScale: {x: 1, y: 0.99999994, z: 1}
  m_Children:
  - {fileID: 6950380783420938704}
  m_Father: {fileID: 6950380783420938692}
  m_RootOrder: 0
  m_LocalEulerAnglesHint: {x: 0, y: 0, z: 0}
--- !u!1 &6950380783421228470
GameObject:
  m_ObjectHideFlags: 0
  m_CorrespondingSourceObject: {fileID: 0}
  m_PrefabInstance: {fileID: 0}
  m_PrefabAsset: {fileID: 0}
  serializedVersion: 6
  m_Component:
  - component: {fileID: 6950380783420938710}
  m_Layer: 0
  m_Name: mixamorig:RightFoot
  m_TagString: Untagged
  m_Icon: {fileID: 0}
  m_NavMeshLayer: 0
  m_StaticEditorFlags: 0
  m_IsActive: 1
--- !u!4 &6950380783420938710
Transform:
  m_ObjectHideFlags: 0
  m_CorrespondingSourceObject: {fileID: 0}
  m_PrefabInstance: {fileID: 0}
  m_PrefabAsset: {fileID: 0}
  m_GameObject: {fileID: 6950380783421228470}
  m_LocalRotation: {x: 0.44185737, y: 0.12756573, z: -0.06364112, w: 0.88568556}
  m_LocalPosition: {x: -0.000000019464933, y: 0.396299, z: -0.0000000018253922}
  m_LocalScale: {x: 1, y: 0.99999994, z: 1}
  m_Children:
  - {fileID: 6950380783420938694}
  m_Father: {fileID: 6950380783420938698}
  m_RootOrder: 0
  m_LocalEulerAnglesHint: {x: 0, y: 0, z: 0}
--- !u!1 &6950380783421228472
GameObject:
  m_ObjectHideFlags: 0
  m_CorrespondingSourceObject: {fileID: 0}
  m_PrefabInstance: {fileID: 0}
  m_PrefabAsset: {fileID: 0}
  serializedVersion: 6
  m_Component:
  - component: {fileID: 6950380783420938712}
  m_Layer: 0
  m_Name: mixamorig:LeftUpLeg
  m_TagString: Untagged
  m_Icon: {fileID: 0}
  m_NavMeshLayer: 0
  m_StaticEditorFlags: 0
  m_IsActive: 1
--- !u!4 &6950380783420938712
Transform:
  m_ObjectHideFlags: 0
  m_CorrespondingSourceObject: {fileID: 0}
  m_PrefabInstance: {fileID: 0}
  m_PrefabAsset: {fileID: 0}
  m_GameObject: {fileID: 6950380783421228472}
  m_LocalRotation: {x: -0.000007428777, y: 0.00013816805, z: 0.99857056, w: 0.053450096}
  m_LocalPosition: {x: -0.090064034, y: -0.057719726, z: -0.0066653034}
  m_LocalScale: {x: 0.99998826, y: 0.9999999, z: 1}
  m_Children:
  - {fileID: 6950380783420938722}
  m_Father: {fileID: 6950380783420938738}
  m_RootOrder: 0
  m_LocalEulerAnglesHint: {x: 0, y: 0, z: 0}
--- !u!1 &6950380783421228474
GameObject:
  m_ObjectHideFlags: 0
  m_CorrespondingSourceObject: {fileID: 0}
  m_PrefabInstance: {fileID: 0}
  m_PrefabAsset: {fileID: 0}
  serializedVersion: 6
  m_Component:
  - component: {fileID: 6950380783420938714}
  m_Layer: 0
  m_Name: mixamorig:Neck
  m_TagString: Untagged
  m_Icon: {fileID: 0}
  m_NavMeshLayer: 0
  m_StaticEditorFlags: 0
  m_IsActive: 1
--- !u!4 &6950380783420938714
Transform:
  m_ObjectHideFlags: 0
  m_CorrespondingSourceObject: {fileID: 0}
  m_PrefabInstance: {fileID: 0}
  m_PrefabAsset: {fileID: 0}
  m_GameObject: {fileID: 6950380783421228474}
  m_LocalRotation: {x: 0.019095818, y: -2.0925294e-13, z: 3.6346453e-12, w: 0.99981767}
  m_LocalPosition: {x: 1.7031459e-12, y: 0.15615234, z: 0.0000000035762786}
  m_LocalScale: {x: 1, y: 0.99999994, z: 0.99999994}
  m_Children:
  - {fileID: 6950380783420938736}
  m_Father: {fileID: 6950380783420938686}
  m_RootOrder: 1
  m_LocalEulerAnglesHint: {x: 0, y: 0, z: 0}
--- !u!1 &6950380783421228476
GameObject:
  m_ObjectHideFlags: 0
  m_CorrespondingSourceObject: {fileID: 0}
  m_PrefabInstance: {fileID: 0}
  m_PrefabAsset: {fileID: 0}
  serializedVersion: 6
  m_Component:
  - component: {fileID: 6950380783420938716}
  m_Layer: 0
  m_Name: mixamorig:LeftShoulder
  m_TagString: Untagged
  m_Icon: {fileID: 0}
  m_NavMeshLayer: 0
  m_StaticEditorFlags: 0
  m_IsActive: 1
--- !u!4 &6950380783420938716
Transform:
  m_ObjectHideFlags: 0
  m_CorrespondingSourceObject: {fileID: 0}
  m_PrefabInstance: {fileID: 0}
  m_PrefabAsset: {fileID: 0}
  m_GameObject: {fileID: 6950380783421228476}
  m_LocalRotation: {x: 0.58910227, y: -0.38770032, z: 0.59701025, w: 0.38239494}
  m_LocalPosition: {x: -0.059213232, y: 0.1305151, z: -0.00077092287}
  m_LocalScale: {x: 0.9999999, y: 1, z: 0.9999999}
  m_Children:
  - {fileID: 6950380783420938732}
  m_Father: {fileID: 6950380783420938686}
  m_RootOrder: 0
  m_LocalEulerAnglesHint: {x: 0, y: 0, z: 0}
--- !u!1 &6950380783421228478
GameObject:
  m_ObjectHideFlags: 0
  m_CorrespondingSourceObject: {fileID: 0}
  m_PrefabInstance: {fileID: 0}
  m_PrefabAsset: {fileID: 0}
  serializedVersion: 6
  m_Component:
  - component: {fileID: 6950380783420938718}
  m_Layer: 0
  m_Name: mixamorig:LeftToeBase
  m_TagString: Untagged
  m_Icon: {fileID: 0}
  m_NavMeshLayer: 0
  m_StaticEditorFlags: 0
  m_IsActive: 1
--- !u!4 &6950380783420938718
Transform:
  m_ObjectHideFlags: 0
  m_CorrespondingSourceObject: {fileID: 0}
  m_PrefabInstance: {fileID: 0}
  m_PrefabAsset: {fileID: 0}
  m_GameObject: {fileID: 6950380783421228478}
  m_LocalRotation: {x: 0.3374404, y: 0.09146731, z: -0.03296495, w: 0.9363125}
  m_LocalPosition: {x: 0.0000000013411044, y: 0.15561077, z: 0.000000013113022}
  m_LocalScale: {x: 0.99999994, y: 1, z: 0.99999994}
  m_Children: []
  m_Father: {fileID: 6950380783420938734}
  m_RootOrder: 0
  m_LocalEulerAnglesHint: {x: 0, y: 0, z: 0}
--- !u!1 &6950380783421228480
GameObject:
  m_ObjectHideFlags: 0
  m_CorrespondingSourceObject: {fileID: 0}
  m_PrefabInstance: {fileID: 0}
  m_PrefabAsset: {fileID: 0}
  serializedVersion: 6
  m_Component:
  - component: {fileID: 6950380783420938720}
  m_Layer: 0
  m_Name: mixamorig:LeftHandIndex3
  m_TagString: Untagged
  m_Icon: {fileID: 0}
  m_NavMeshLayer: 0
  m_StaticEditorFlags: 0
  m_IsActive: 1
--- !u!4 &6950380783420938720
Transform:
  m_ObjectHideFlags: 0
  m_CorrespondingSourceObject: {fileID: 0}
  m_PrefabInstance: {fileID: 0}
  m_PrefabAsset: {fileID: 0}
  m_GameObject: {fileID: 6950380783421228480}
  m_LocalRotation: {x: 0.18332532, y: 0.0000021103267, z: 0.10096119, w: 0.97785413}
  m_LocalPosition: {x: -0.011760308, y: 0.04499937, z: -0.00072803494}
  m_LocalScale: {x: 1, y: 0.99999994, z: 0.99999994}
  m_Children: []
  m_Father: {fileID: 6950380783420938726}
  m_RootOrder: 0
  m_LocalEulerAnglesHint: {x: 0, y: 0, z: 0}
--- !u!1 &6950380783421228482
GameObject:
  m_ObjectHideFlags: 0
  m_CorrespondingSourceObject: {fileID: 0}
  m_PrefabInstance: {fileID: 0}
  m_PrefabAsset: {fileID: 0}
  serializedVersion: 6
  m_Component:
  - component: {fileID: 6950380783420938722}
  m_Layer: 0
  m_Name: mixamorig:LeftLeg
  m_TagString: Untagged
  m_Icon: {fileID: 0}
  m_NavMeshLayer: 0
  m_StaticEditorFlags: 0
  m_IsActive: 1
--- !u!4 &6950380783420938722
Transform:
  m_ObjectHideFlags: 0
  m_CorrespondingSourceObject: {fileID: 0}
  m_PrefabInstance: {fileID: 0}
  m_PrefabAsset: {fileID: 0}
  m_GameObject: {fileID: 6950380783421228482}
  m_LocalRotation: {x: 0.003332451, y: 0.000021039521, z: 0.0068894117, w: 0.99997073}
  m_LocalPosition: {x: -0.000000009351497, y: 0.40843228, z: 0.0000000011782394}
  m_LocalScale: {x: 0.9999999, y: 0.99999994, z: 0.99999994}
  m_Children:
  - {fileID: 6950380783420938734}
  m_Father: {fileID: 6950380783420938712}
  m_RootOrder: 0
  m_LocalEulerAnglesHint: {x: 0, y: 0, z: 0}
--- !u!1 &6950380783421228484
GameObject:
  m_ObjectHideFlags: 0
  m_CorrespondingSourceObject: {fileID: 0}
  m_PrefabInstance: {fileID: 0}
  m_PrefabAsset: {fileID: 0}
  serializedVersion: 6
  m_Component:
  - component: {fileID: 6950380783420938724}
  m_Layer: 0
  m_Name: mixamorig:LeftHandIndex1
  m_TagString: Untagged
  m_Icon: {fileID: 0}
  m_NavMeshLayer: 0
  m_StaticEditorFlags: 0
  m_IsActive: 1
--- !u!4 &6950380783420938724
Transform:
  m_ObjectHideFlags: 0
  m_CorrespondingSourceObject: {fileID: 0}
  m_PrefabInstance: {fileID: 0}
  m_PrefabAsset: {fileID: 0}
  m_GameObject: {fileID: 6950380783421228484}
  m_LocalRotation: {x: 0.25180867, y: -0.5186808, z: 0.16313922, w: 0.8005924}
  m_LocalPosition: {x: 0.000000019073486, y: 0.076392725, z: 0.0000000461936}
  m_LocalScale: {x: 0.99999994, y: 0.9999999, z: 0.99999994}
  m_Children:
  - {fileID: 6950380783420938726}
  m_Father: {fileID: 6950380783420938730}
  m_RootOrder: 0
  m_LocalEulerAnglesHint: {x: 0, y: 0, z: 0}
--- !u!1 &6950380783421228486
GameObject:
  m_ObjectHideFlags: 0
  m_CorrespondingSourceObject: {fileID: 0}
  m_PrefabInstance: {fileID: 0}
  m_PrefabAsset: {fileID: 0}
  serializedVersion: 6
  m_Component:
  - component: {fileID: 6950380783420938726}
  m_Layer: 0
  m_Name: mixamorig:LeftHandIndex2
  m_TagString: Untagged
  m_Icon: {fileID: 0}
  m_NavMeshLayer: 0
  m_StaticEditorFlags: 0
  m_IsActive: 1
--- !u!4 &6950380783420938726
Transform:
  m_ObjectHideFlags: 0
  m_CorrespondingSourceObject: {fileID: 0}
  m_PrefabInstance: {fileID: 0}
  m_PrefabAsset: {fileID: 0}
  m_GameObject: {fileID: 6950380783421228486}
  m_LocalRotation: {x: -0.18332525, y: -0.0000028216427, z: -0.10095962, w: 0.9778543}
  m_LocalPosition: {x: 0.000000038146972, y: 0.031018777, z: -0.000000023841856}
  m_LocalScale: {x: 1, y: 1, z: 1}
  m_Children:
  - {fileID: 6950380783420938720}
  - {fileID: 4683936934381477691}
  m_Father: {fileID: 6950380783420938724}
  m_RootOrder: 0
  m_LocalEulerAnglesHint: {x: 0, y: 0, z: 0}
--- !u!1 &6950380783421228488
GameObject:
  m_ObjectHideFlags: 0
  m_CorrespondingSourceObject: {fileID: 0}
  m_PrefabInstance: {fileID: 0}
  m_PrefabAsset: {fileID: 0}
  serializedVersion: 6
  m_Component:
  - component: {fileID: 6950380783420938728}
  m_Layer: 0
  m_Name: mixamorig:LeftForeArm
  m_TagString: Untagged
  m_Icon: {fileID: 0}
  m_NavMeshLayer: 0
  m_StaticEditorFlags: 0
  m_IsActive: 1
--- !u!4 &6950380783420938728
Transform:
  m_ObjectHideFlags: 0
  m_CorrespondingSourceObject: {fileID: 0}
  m_PrefabInstance: {fileID: 0}
  m_PrefabAsset: {fileID: 0}
  m_GameObject: {fileID: 6950380783421228488}
  m_LocalRotation: {x: 0.067943245, y: -0.005213176, z: -0.07632824, w: 0.9947515}
  m_LocalPosition: {x: 0.000000009536743, y: 0.2666395, z: -0.000000004172325}
  m_LocalScale: {x: 1, y: 1, z: 1}
  m_Children:
  - {fileID: 6950380783420938730}
  m_Father: {fileID: 6950380783420938732}
  m_RootOrder: 0
  m_LocalEulerAnglesHint: {x: 0, y: 0, z: 0}
--- !u!1 &6950380783421228490
GameObject:
  m_ObjectHideFlags: 0
  m_CorrespondingSourceObject: {fileID: 0}
  m_PrefabInstance: {fileID: 0}
  m_PrefabAsset: {fileID: 0}
  serializedVersion: 6
  m_Component:
  - component: {fileID: 6950380783420938730}
  m_Layer: 0
  m_Name: mixamorig:LeftHand
  m_TagString: Untagged
  m_Icon: {fileID: 0}
  m_NavMeshLayer: 0
  m_StaticEditorFlags: 0
  m_IsActive: 1
--- !u!4 &6950380783420938730
Transform:
  m_ObjectHideFlags: 0
  m_CorrespondingSourceObject: {fileID: 0}
  m_PrefabInstance: {fileID: 0}
  m_PrefabAsset: {fileID: 0}
  m_GameObject: {fileID: 6950380783421228490}
  m_LocalRotation: {x: 0.024079196, y: -0.0019071845, z: -0.07891851, w: 0.9965884}
  m_LocalPosition: {x: -0.000000007152557, y: 0.26594085, z: 0.00000007688999}
  m_LocalScale: {x: 0.9999999, y: 0.99999994, z: 0.99999994}
  m_Children:
  - {fileID: 6950380783420938724}
  m_Father: {fileID: 6950380783420938728}
  m_RootOrder: 0
  m_LocalEulerAnglesHint: {x: 0, y: 0, z: 0}
--- !u!1 &6950380783421228492
GameObject:
  m_ObjectHideFlags: 0
  m_CorrespondingSourceObject: {fileID: 0}
  m_PrefabInstance: {fileID: 0}
  m_PrefabAsset: {fileID: 0}
  serializedVersion: 6
  m_Component:
  - component: {fileID: 6950380783420938732}
  m_Layer: 0
  m_Name: mixamorig:LeftArm
  m_TagString: Untagged
  m_Icon: {fileID: 0}
  m_NavMeshLayer: 0
  m_StaticEditorFlags: 0
  m_IsActive: 1
--- !u!4 &6950380783420938732
Transform:
  m_ObjectHideFlags: 0
  m_CorrespondingSourceObject: {fileID: 0}
  m_PrefabInstance: {fileID: 0}
  m_PrefabAsset: {fileID: 0}
  m_GameObject: {fileID: 6950380783421228492}
  m_LocalRotation: {x: 0.11425775, y: 0.008336951, z: 0.07229365, w: 0.99078214}
  m_LocalPosition: {x: 0.000000011622905, y: 0.13183498, z: -0.000000010579824}
  m_LocalScale: {x: 0.99999994, y: 0.99999994, z: 0.9999999}
  m_Children:
  - {fileID: 6950380783420938728}
  m_Father: {fileID: 6950380783420938716}
  m_RootOrder: 0
  m_LocalEulerAnglesHint: {x: 0, y: 0, z: 0}
--- !u!1 &6950380783421228494
GameObject:
  m_ObjectHideFlags: 0
  m_CorrespondingSourceObject: {fileID: 0}
  m_PrefabInstance: {fileID: 0}
  m_PrefabAsset: {fileID: 0}
  serializedVersion: 6
  m_Component:
  - component: {fileID: 6950380783420938734}
  m_Layer: 0
  m_Name: mixamorig:LeftFoot
  m_TagString: Untagged
  m_Icon: {fileID: 0}
  m_NavMeshLayer: 0
  m_StaticEditorFlags: 0
  m_IsActive: 1
--- !u!4 &6950380783420938734
Transform:
  m_ObjectHideFlags: 0
  m_CorrespondingSourceObject: {fileID: 0}
  m_PrefabInstance: {fileID: 0}
  m_PrefabAsset: {fileID: 0}
  m_GameObject: {fileID: 6950380783421228494}
  m_LocalRotation: {x: 0.41817626, y: -0.13927366, z: 0.06505583, w: 0.8952649}
  m_LocalPosition: {x: 0.000000023667235, y: 0.3962345, z: 0.0000000014528632}
  m_LocalScale: {x: 0.9999999, y: 1, z: 0.9999999}
  m_Children:
  - {fileID: 6950380783420938718}
  m_Father: {fileID: 6950380783420938722}
  m_RootOrder: 0
  m_LocalEulerAnglesHint: {x: 0, y: 0, z: 0}
--- !u!1 &6950380783421228496
GameObject:
  m_ObjectHideFlags: 0
  m_CorrespondingSourceObject: {fileID: 0}
  m_PrefabInstance: {fileID: 0}
  m_PrefabAsset: {fileID: 0}
  serializedVersion: 6
  m_Component:
  - component: {fileID: 6950380783420938736}
  m_Layer: 0
  m_Name: mixamorig:Head
  m_TagString: Untagged
  m_Icon: {fileID: 0}
  m_NavMeshLayer: 0
  m_StaticEditorFlags: 0
  m_IsActive: 1
--- !u!4 &6950380783420938736
Transform:
  m_ObjectHideFlags: 0
  m_CorrespondingSourceObject: {fileID: 0}
  m_PrefabInstance: {fileID: 0}
  m_PrefabAsset: {fileID: 0}
  m_GameObject: {fileID: 6950380783421228496}
  m_LocalRotation: {x: 0.000000005559734, y: -4.7356468e-20, z: -3.6379786e-12, w: 1}
  m_LocalPosition: {x: 4.9586225e-12, y: 0.112465665, z: 0.03001125}
  m_LocalScale: {x: 1, y: 1, z: 1}
  m_Children: []
  m_Father: {fileID: 6950380783420938714}
  m_RootOrder: 0
  m_LocalEulerAnglesHint: {x: 0, y: 0, z: 0}
--- !u!1 &6950380783421228498
GameObject:
  m_ObjectHideFlags: 0
  m_CorrespondingSourceObject: {fileID: 0}
  m_PrefabInstance: {fileID: 0}
  m_PrefabAsset: {fileID: 0}
  serializedVersion: 6
  m_Component:
  - component: {fileID: 6950380783420938738}
  m_Layer: 0
  m_Name: mixamorig:Hips
  m_TagString: Untagged
  m_Icon: {fileID: 0}
  m_NavMeshLayer: 0
  m_StaticEditorFlags: 0
  m_IsActive: 1
--- !u!4 &6950380783420938738
Transform:
  m_ObjectHideFlags: 0
  m_CorrespondingSourceObject: {fileID: 0}
  m_PrefabInstance: {fileID: 0}
  m_PrefabAsset: {fileID: 0}
  m_GameObject: {fileID: 6950380783421228498}
  m_LocalRotation: {x: 0, y: -0, z: -0, w: 1}
  m_LocalPosition: {x: -0.00013700486, y: 0.98355675, z: -0.02768933}
  m_LocalScale: {x: 1, y: 1, z: 1}
  m_Children:
  - {fileID: 6950380783420938712}
  - {fileID: 6950380783420938688}
  - {fileID: 6950380783420938690}
  m_Father: {fileID: 6950380783420938748}
  m_RootOrder: 0
  m_LocalEulerAnglesHint: {x: 0, y: 0, z: 0}
--- !u!1 &6950380783421228500
GameObject:
  m_ObjectHideFlags: 0
  m_CorrespondingSourceObject: {fileID: 0}
  m_PrefabInstance: {fileID: 0}
  m_PrefabAsset: {fileID: 0}
  serializedVersion: 6
  m_Component:
  - component: {fileID: 6950380783420938740}
  - component: {fileID: 6950380783418116312}
  m_Layer: 0
  m_Name: LV3
  m_TagString: Untagged
  m_Icon: {fileID: 0}
  m_NavMeshLayer: 0
  m_StaticEditorFlags: 0
  m_IsActive: 1
--- !u!4 &6950380783420938740
Transform:
  m_ObjectHideFlags: 0
  m_CorrespondingSourceObject: {fileID: 0}
  m_PrefabInstance: {fileID: 0}
  m_PrefabAsset: {fileID: 0}
  m_GameObject: {fileID: 6950380783421228500}
  m_LocalRotation: {x: 0.000000051658006, y: 0.000000002384185, z: -3.0700291e-24,
    w: 1}
  m_LocalPosition: {x: -0.0000000071525568, y: 0.00000001788139, z: 0.00000000834465}
  m_LocalScale: {x: 100, y: 100, z: 100}
  m_Children: []
  m_Father: {fileID: 6950380783420938744}
  m_RootOrder: 3
  m_LocalEulerAnglesHint: {x: 0, y: 0, z: 0}
--- !u!137 &6950380783418116312
SkinnedMeshRenderer:
  m_ObjectHideFlags: 0
  m_CorrespondingSourceObject: {fileID: 0}
  m_PrefabInstance: {fileID: 0}
  m_PrefabAsset: {fileID: 0}
  m_GameObject: {fileID: 6950380783421228500}
  m_Enabled: 1
  m_CastShadows: 1
  m_ReceiveShadows: 1
  m_DynamicOccludee: 1
  m_MotionVectors: 1
  m_LightProbeUsage: 1
  m_ReflectionProbeUsage: 1
  m_RayTracingMode: 0
  m_RenderingLayerMask: 1
  m_RendererPriority: 0
  m_Materials:
  - {fileID: 2100000, guid: 12abfa4afae57594799224bd25486666, type: 2}
  m_StaticBatchInfo:
    firstSubMesh: 0
    subMeshCount: 0
  m_StaticBatchRoot: {fileID: 0}
  m_ProbeAnchor: {fileID: 0}
  m_LightProbeVolumeOverride: {fileID: 0}
  m_ScaleInLightmap: 1
  m_ReceiveGI: 1
  m_PreserveUVs: 0
  m_IgnoreNormalsForChartDetection: 0
  m_ImportantGI: 0
  m_StitchLightmapSeams: 1
  m_SelectedEditorRenderState: 3
  m_MinimumChartSize: 4
  m_AutoUVMaxDistance: 0.5
  m_AutoUVMaxAngle: 89
  m_LightmapParameters: {fileID: 0}
  m_SortingLayerID: 0
  m_SortingLayer: 0
  m_SortingOrder: 0
  serializedVersion: 2
  m_Quality: 0
  m_UpdateWhenOffscreen: 0
  m_SkinnedMotionVectors: 1
  m_Mesh: {fileID: 4300004, guid: 4033e23b8e33b55459719a8ce810d130, type: 3}
  m_Bones:
  - {fileID: 6950380783420938738}
  - {fileID: 6950380783420938690}
  - {fileID: 6950380783420938684}
  - {fileID: 6950380783420938686}
  - {fileID: 6950380783420938714}
  - {fileID: 6950380783420938736}
  - {fileID: 6950380783420938716}
  - {fileID: 6950380783420938732}
  - {fileID: 6950380783420938728}
  - {fileID: 6950380783420938730}
  - {fileID: 6950380783420938724}
  - {fileID: 6950380783420938726}
  - {fileID: 6950380783420938720}
  - {fileID: 6950380783420938692}
  - {fileID: 6950380783420938708}
  - {fileID: 6950380783420938704}
  - {fileID: 6950380783420938706}
  - {fileID: 6950380783420938700}
  - {fileID: 6950380783420938702}
  - {fileID: 6950380783420938696}
  - {fileID: 6950380783420938712}
  - {fileID: 6950380783420938722}
  - {fileID: 6950380783420938734}
  - {fileID: 6950380783420938718}
  - {fileID: 6950380783420938688}
  - {fileID: 6950380783420938698}
  - {fileID: 6950380783420938710}
  - {fileID: 6950380783420938694}
  m_BlendShapeWeights: []
  m_RootBone: {fileID: 6950380783420938738}
  m_AABB:
    m_Center: {x: 0.0017692298, y: -0.021271616, z: 0.013195261}
    m_Extent: {x: 0.31337875, y: 0.87303114, z: 0.14434688}
  m_DirtyAABB: 0
--- !u!1 &6950380783421228502
GameObject:
  m_ObjectHideFlags: 0
  m_CorrespondingSourceObject: {fileID: 0}
  m_PrefabInstance: {fileID: 0}
  m_PrefabAsset: {fileID: 0}
  serializedVersion: 6
  m_Component:
  - component: {fileID: 6950380783420938742}
  - component: {fileID: 6950380783418116314}
  m_Layer: 0
  m_Name: LV4
  m_TagString: Untagged
  m_Icon: {fileID: 0}
  m_NavMeshLayer: 0
  m_StaticEditorFlags: 0
  m_IsActive: 0
--- !u!4 &6950380783420938742
Transform:
  m_ObjectHideFlags: 0
  m_CorrespondingSourceObject: {fileID: 0}
  m_PrefabInstance: {fileID: 0}
  m_PrefabAsset: {fileID: 0}
  m_GameObject: {fileID: 6950380783421228502}
  m_LocalRotation: {x: 0.000000051658006, y: 0.000000002384185, z: -3.0700291e-24,
    w: 1}
  m_LocalPosition: {x: -0.0000000071525568, y: 0.00000002741813, z: 0.000000017881394}
  m_LocalScale: {x: 100, y: 100, z: 100}
  m_Children: []
  m_Father: {fileID: 6950380783420938744}
  m_RootOrder: 4
  m_LocalEulerAnglesHint: {x: 0, y: 0, z: 0}
--- !u!137 &6950380783418116314
SkinnedMeshRenderer:
  m_ObjectHideFlags: 0
  m_CorrespondingSourceObject: {fileID: 0}
  m_PrefabInstance: {fileID: 0}
  m_PrefabAsset: {fileID: 0}
  m_GameObject: {fileID: 6950380783421228502}
  m_Enabled: 1
  m_CastShadows: 1
  m_ReceiveShadows: 1
  m_DynamicOccludee: 1
  m_MotionVectors: 1
  m_LightProbeUsage: 1
  m_ReflectionProbeUsage: 1
  m_RayTracingMode: 0
  m_RenderingLayerMask: 1
  m_RendererPriority: 0
  m_Materials:
  - {fileID: 2100000, guid: 6e3a5bfa87879ab4e9ef0e8ae2b97360, type: 2}
  m_StaticBatchInfo:
    firstSubMesh: 0
    subMeshCount: 0
  m_StaticBatchRoot: {fileID: 0}
  m_ProbeAnchor: {fileID: 0}
  m_LightProbeVolumeOverride: {fileID: 0}
  m_ScaleInLightmap: 1
  m_ReceiveGI: 1
  m_PreserveUVs: 0
  m_IgnoreNormalsForChartDetection: 0
  m_ImportantGI: 0
  m_StitchLightmapSeams: 1
  m_SelectedEditorRenderState: 3
  m_MinimumChartSize: 4
  m_AutoUVMaxDistance: 0.5
  m_AutoUVMaxAngle: 89
  m_LightmapParameters: {fileID: 0}
  m_SortingLayerID: 0
  m_SortingLayer: 0
  m_SortingOrder: 0
  serializedVersion: 2
  m_Quality: 0
  m_UpdateWhenOffscreen: 0
  m_SkinnedMotionVectors: 1
  m_Mesh: {fileID: 4300002, guid: 4033e23b8e33b55459719a8ce810d130, type: 3}
  m_Bones:
  - {fileID: 6950380783420938738}
  - {fileID: 6950380783420938690}
  - {fileID: 6950380783420938684}
  - {fileID: 6950380783420938686}
  - {fileID: 6950380783420938714}
  - {fileID: 6950380783420938736}
  - {fileID: 6950380783420938716}
  - {fileID: 6950380783420938732}
  - {fileID: 6950380783420938728}
  - {fileID: 6950380783420938730}
  - {fileID: 6950380783420938724}
  - {fileID: 6950380783420938726}
  - {fileID: 6950380783420938720}
  - {fileID: 6950380783420938692}
  - {fileID: 6950380783420938708}
  - {fileID: 6950380783420938704}
  - {fileID: 6950380783420938706}
  - {fileID: 6950380783420938700}
  - {fileID: 6950380783420938702}
  - {fileID: 6950380783420938696}
  - {fileID: 6950380783420938712}
  - {fileID: 6950380783420938722}
  - {fileID: 6950380783420938734}
  - {fileID: 6950380783420938718}
  - {fileID: 6950380783420938688}
  - {fileID: 6950380783420938698}
  - {fileID: 6950380783420938710}
  - {fileID: 6950380783420938694}
  m_BlendShapeWeights: []
  m_RootBone: {fileID: 6950380783420938738}
  m_AABB:
    m_Center: {x: 0.022639483, y: -0.018038005, z: -0.019051865}
    m_Extent: {x: 0.6653528, y: 0.8726579, z: 0.17593604}
  m_DirtyAABB: 0
--- !u!1 &6950380783421228504
GameObject:
  m_ObjectHideFlags: 0
  m_CorrespondingSourceObject: {fileID: 0}
  m_PrefabInstance: {fileID: 0}
  m_PrefabAsset: {fileID: 0}
  serializedVersion: 6
  m_Component:
  - component: {fileID: 6950380783420938744}
  - component: {fileID: 6950380783413982748}
  - component: {fileID: 1558614317015369520}
  m_Layer: 0
  m_Name: Good3
  m_TagString: Untagged
  m_Icon: {fileID: 0}
  m_NavMeshLayer: 0
  m_StaticEditorFlags: 0
  m_IsActive: 1
--- !u!4 &6950380783420938744
Transform:
  m_ObjectHideFlags: 0
  m_CorrespondingSourceObject: {fileID: 0}
  m_PrefabInstance: {fileID: 0}
  m_PrefabAsset: {fileID: 0}
  m_GameObject: {fileID: 6950380783421228504}
  m_LocalRotation: {x: 0, y: 0, z: 0, w: 1}
  m_LocalPosition: {x: 0.09274322, y: 0, z: 0.28197825}
  m_LocalScale: {x: 0.015, y: 0.015, z: 0.015}
  m_Children:
  - {fileID: 6950380783420938748}
  - {fileID: 6950380783420938750}
  - {fileID: 6950380783420938746}
  - {fileID: 6950380783420938740}
  - {fileID: 6950380783420938742}
  m_Father: {fileID: 0}
  m_RootOrder: 0
  m_LocalEulerAnglesHint: {x: 0, y: 0, z: 0}
--- !u!95 &6950380783413982748
Animator:
  serializedVersion: 3
  m_ObjectHideFlags: 0
  m_CorrespondingSourceObject: {fileID: 0}
  m_PrefabInstance: {fileID: 0}
  m_PrefabAsset: {fileID: 0}
  m_GameObject: {fileID: 6950380783421228504}
  m_Enabled: 1
  m_Avatar: {fileID: 9000000, guid: 4033e23b8e33b55459719a8ce810d130, type: 3}
  m_Controller: {fileID: 0}
  m_CullingMode: 1
  m_UpdateMode: 0
  m_ApplyRootMotion: 0
  m_LinearVelocityBlending: 0
  m_WarningMessage: 
  m_HasTransformHierarchy: 1
  m_AllowConstantClipSamplingOptimization: 1
  m_KeepAnimatorControllerStateOnDisable: 0
--- !u!114 &1558614317015369520
MonoBehaviour:
  m_ObjectHideFlags: 0
  m_CorrespondingSourceObject: {fileID: 0}
  m_PrefabInstance: {fileID: 0}
  m_PrefabAsset: {fileID: 0}
  m_GameObject: {fileID: 6950380783421228504}
  m_Enabled: 1
  m_EditorHideFlags: 0
  m_Script: {fileID: 11500000, guid: 88eeffa9870c04f4885e54e9c90ff634, type: 3}
  m_Name: 
  m_EditorClassIdentifier: 
  target: {fileID: 0}
--- !u!1 &6950380783421228506
GameObject:
  m_ObjectHideFlags: 0
  m_CorrespondingSourceObject: {fileID: 0}
  m_PrefabInstance: {fileID: 0}
  m_PrefabAsset: {fileID: 0}
  serializedVersion: 6
  m_Component:
  - component: {fileID: 6950380783420938746}
  - component: {fileID: 6950380783418116318}
  m_Layer: 0
  m_Name: LV2
  m_TagString: Untagged
  m_Icon: {fileID: 0}
  m_NavMeshLayer: 0
  m_StaticEditorFlags: 0
  m_IsActive: 1
--- !u!4 &6950380783420938746
Transform:
  m_ObjectHideFlags: 0
  m_CorrespondingSourceObject: {fileID: 0}
  m_PrefabInstance: {fileID: 0}
  m_PrefabAsset: {fileID: 0}
  m_GameObject: {fileID: 6950380783421228506}
  m_LocalRotation: {x: 0.000000051658013, y: 0.000000002384185, z: 6.459097e-24, w: 1}
  m_LocalPosition: {x: -0.000000007152557, y: 0.00000000834465, z: -0.0000000011920925}
  m_LocalScale: {x: 100, y: 101.670685, z: 104.25235}
  m_Children: []
  m_Father: {fileID: 6950380783420938744}
  m_RootOrder: 2
  m_LocalEulerAnglesHint: {x: 0, y: 0, z: 0}
--- !u!137 &6950380783418116318
SkinnedMeshRenderer:
  m_ObjectHideFlags: 0
  m_CorrespondingSourceObject: {fileID: 0}
  m_PrefabInstance: {fileID: 0}
  m_PrefabAsset: {fileID: 0}
  m_GameObject: {fileID: 6950380783421228506}
  m_Enabled: 1
  m_CastShadows: 1
  m_ReceiveShadows: 1
  m_DynamicOccludee: 1
  m_MotionVectors: 1
  m_LightProbeUsage: 1
  m_ReflectionProbeUsage: 1
  m_RayTracingMode: 0
  m_RenderingLayerMask: 1
  m_RendererPriority: 0
  m_Materials:
  - {fileID: 2100000, guid: c0e5f790e772f1f49beb8eae07232177, type: 2}
  m_StaticBatchInfo:
    firstSubMesh: 0
    subMeshCount: 0
  m_StaticBatchRoot: {fileID: 0}
  m_ProbeAnchor: {fileID: 0}
  m_LightProbeVolumeOverride: {fileID: 0}
  m_ScaleInLightmap: 1
  m_ReceiveGI: 1
  m_PreserveUVs: 0
  m_IgnoreNormalsForChartDetection: 0
  m_ImportantGI: 0
  m_StitchLightmapSeams: 1
  m_SelectedEditorRenderState: 3
  m_MinimumChartSize: 4
  m_AutoUVMaxDistance: 0.5
  m_AutoUVMaxAngle: 89
  m_LightmapParameters: {fileID: 0}
  m_SortingLayerID: 0
  m_SortingLayer: 0
  m_SortingOrder: 0
  serializedVersion: 2
  m_Quality: 0
  m_UpdateWhenOffscreen: 0
  m_SkinnedMotionVectors: 1
  m_Mesh: {fileID: 4300000, guid: 4033e23b8e33b55459719a8ce810d130, type: 3}
  m_Bones:
  - {fileID: 6950380783420938738}
  - {fileID: 6950380783420938690}
  - {fileID: 6950380783420938684}
  - {fileID: 6950380783420938686}
  - {fileID: 6950380783420938714}
  - {fileID: 6950380783420938736}
  - {fileID: 6950380783420938716}
  - {fileID: 6950380783420938732}
  - {fileID: 6950380783420938728}
  - {fileID: 6950380783420938730}
  - {fileID: 6950380783420938724}
  - {fileID: 6950380783420938726}
  - {fileID: 6950380783420938720}
  - {fileID: 6950380783420938692}
  - {fileID: 6950380783420938708}
  - {fileID: 6950380783420938704}
  - {fileID: 6950380783420938706}
  - {fileID: 6950380783420938700}
  - {fileID: 6950380783420938702}
  - {fileID: 6950380783420938696}
  - {fileID: 6950380783420938712}
  - {fileID: 6950380783420938722}
  - {fileID: 6950380783420938734}
  - {fileID: 6950380783420938718}
  - {fileID: 6950380783420938688}
  - {fileID: 6950380783420938698}
  - {fileID: 6950380783420938710}
  - {fileID: 6950380783420938694}
  m_BlendShapeWeights: []
  m_RootBone: {fileID: 6950380783420938738}
  m_AABB:
    m_Center: {x: 0.0016856492, y: 0.20742251, z: 0.01056651}
    m_Extent: {x: 0.2691646, y: 0.40077174, z: 0.13678744}
  m_DirtyAABB: 0
--- !u!1 &6950380783421228508
GameObject:
  m_ObjectHideFlags: 0
  m_CorrespondingSourceObject: {fileID: 0}
  m_PrefabInstance: {fileID: 0}
  m_PrefabAsset: {fileID: 0}
  serializedVersion: 6
  m_Component:
  - component: {fileID: 6950380783420938748}
  m_Layer: 0
  m_Name: Armature
  m_TagString: Untagged
  m_Icon: {fileID: 0}
  m_NavMeshLayer: 0
  m_StaticEditorFlags: 0
  m_IsActive: 1
--- !u!4 &6950380783420938748
Transform:
  m_ObjectHideFlags: 0
  m_CorrespondingSourceObject: {fileID: 0}
  m_PrefabInstance: {fileID: 0}
  m_PrefabAsset: {fileID: 0}
  m_GameObject: {fileID: 6950380783421228508}
  m_LocalRotation: {x: 0.000000081460335, y: 0, z: -0, w: 1}
  m_LocalPosition: {x: -0, y: 0, z: 0}
  m_LocalScale: {x: 1, y: 1, z: 1}
  m_Children:
  - {fileID: 6950380783420938738}
  m_Father: {fileID: 6950380783420938744}
  m_RootOrder: 0
  m_LocalEulerAnglesHint: {x: 0, y: 0, z: 0}
--- !u!1 &6950380783421228510
GameObject:
  m_ObjectHideFlags: 0
  m_CorrespondingSourceObject: {fileID: 0}
  m_PrefabInstance: {fileID: 0}
  m_PrefabAsset: {fileID: 0}
  serializedVersion: 6
  m_Component:
  - component: {fileID: 6950380783420938750}
  - component: {fileID: 6950380783418116316}
  m_Layer: 0
  m_Name: Body
  m_TagString: Untagged
  m_Icon: {fileID: 0}
  m_NavMeshLayer: 0
  m_StaticEditorFlags: 0
  m_IsActive: 1
--- !u!4 &6950380783420938750
Transform:
  m_ObjectHideFlags: 0
  m_CorrespondingSourceObject: {fileID: 0}
  m_PrefabInstance: {fileID: 0}
  m_PrefabAsset: {fileID: 0}
  m_GameObject: {fileID: 6950380783421228510}
  m_LocalRotation: {x: 0.000000051658006, y: 0.000000002384185, z: -3.0700291e-24,
    w: 1}
  m_LocalPosition: {x: -0.000000007152557, y: -0.0000000011920911, z: -0.000000010728836}
  m_LocalScale: {x: 100, y: 100, z: 100}
  m_Children: []
  m_Father: {fileID: 6950380783420938744}
  m_RootOrder: 1
  m_LocalEulerAnglesHint: {x: 0, y: 0, z: 0}
--- !u!137 &6950380783418116316
SkinnedMeshRenderer:
  m_ObjectHideFlags: 0
  m_CorrespondingSourceObject: {fileID: 0}
  m_PrefabInstance: {fileID: 0}
  m_PrefabAsset: {fileID: 0}
  m_GameObject: {fileID: 6950380783421228510}
  m_Enabled: 1
  m_CastShadows: 1
  m_ReceiveShadows: 1
  m_DynamicOccludee: 1
  m_MotionVectors: 1
  m_LightProbeUsage: 1
  m_ReflectionProbeUsage: 1
  m_RayTracingMode: 0
  m_RenderingLayerMask: 1
  m_RendererPriority: 0
  m_Materials:
  - {fileID: 2100000, guid: a854ff8598c19c346971a9e78ff3635e, type: 2}
  m_StaticBatchInfo:
    firstSubMesh: 0
    subMeshCount: 0
  m_StaticBatchRoot: {fileID: 0}
  m_ProbeAnchor: {fileID: 0}
  m_LightProbeVolumeOverride: {fileID: 0}
  m_ScaleInLightmap: 1
  m_ReceiveGI: 1
  m_PreserveUVs: 0
  m_IgnoreNormalsForChartDetection: 0
  m_ImportantGI: 0
  m_StitchLightmapSeams: 1
  m_SelectedEditorRenderState: 3
  m_MinimumChartSize: 4
  m_AutoUVMaxDistance: 0.5
  m_AutoUVMaxAngle: 89
  m_LightmapParameters: {fileID: 0}
  m_SortingLayerID: 0
  m_SortingLayer: 0
  m_SortingOrder: 0
  serializedVersion: 2
  m_Quality: 0
  m_UpdateWhenOffscreen: 0
  m_SkinnedMotionVectors: 1
  m_Mesh: {fileID: 4300006, guid: 4033e23b8e33b55459719a8ce810d130, type: 3}
  m_Bones:
  - {fileID: 6950380783420938738}
  - {fileID: 6950380783420938690}
  - {fileID: 6950380783420938684}
  - {fileID: 6950380783420938686}
  - {fileID: 6950380783420938714}
  - {fileID: 6950380783420938736}
  - {fileID: 6950380783420938716}
  - {fileID: 6950380783420938732}
  - {fileID: 6950380783420938728}
  - {fileID: 6950380783420938730}
  - {fileID: 6950380783420938724}
  - {fileID: 6950380783420938726}
  - {fileID: 6950380783420938720}
  - {fileID: 6950380783420938692}
  - {fileID: 6950380783420938708}
  - {fileID: 6950380783420938704}
  - {fileID: 6950380783420938706}
  - {fileID: 6950380783420938700}
  - {fileID: 6950380783420938702}
  - {fileID: 6950380783420938696}
  - {fileID: 6950380783420938712}
  - {fileID: 6950380783420938722}
  - {fileID: 6950380783420938734}
  - {fileID: 6950380783420938718}
  - {fileID: 6950380783420938688}
  - {fileID: 6950380783420938698}
  - {fileID: 6950380783420938710}
  - {fileID: 6950380783420938694}
  m_BlendShapeWeights: []
  m_RootBone: {fileID: 6950380783420938738}
  m_AABB:
    m_Center: {x: 0.0004067123, y: -0.06400365, z: 0.017175972}
    m_Extent: {x: 0.7233001, y: 0.9162019, z: 0.17510755}
  m_DirtyAABB: 0
--- !u!1001 &1525420990324113347
PrefabInstance:
  m_ObjectHideFlags: 0
  serializedVersion: 2
  m_Modification:
    m_TransformParent: {fileID: 6950380783420938696}
    m_Modifications:
    - target: {fileID: 100000, guid: 5a7aadd4a97215a49846f0214ee93bc3, type: 3}
      propertyPath: m_Name
      value: GoodSword
      objectReference: {fileID: 0}
    - target: {fileID: 400000, guid: 5a7aadd4a97215a49846f0214ee93bc3, type: 3}
      propertyPath: m_LocalPosition.x
      value: 0
      objectReference: {fileID: 0}
    - target: {fileID: 400000, guid: 5a7aadd4a97215a49846f0214ee93bc3, type: 3}
      propertyPath: m_LocalPosition.y
      value: -0.3355
      objectReference: {fileID: 0}
    - target: {fileID: 400000, guid: 5a7aadd4a97215a49846f0214ee93bc3, type: 3}
      propertyPath: m_LocalPosition.z
      value: -0.6021
      objectReference: {fileID: 0}
    - target: {fileID: 400000, guid: 5a7aadd4a97215a49846f0214ee93bc3, type: 3}
      propertyPath: m_LocalRotation.x
      value: -0.21643952
      objectReference: {fileID: 0}
    - target: {fileID: 400000, guid: 5a7aadd4a97215a49846f0214ee93bc3, type: 3}
      propertyPath: m_LocalRotation.y
      value: 0
      objectReference: {fileID: 0}
    - target: {fileID: 400000, guid: 5a7aadd4a97215a49846f0214ee93bc3, type: 3}
      propertyPath: m_LocalRotation.z
      value: 0
      objectReference: {fileID: 0}
    - target: {fileID: 400000, guid: 5a7aadd4a97215a49846f0214ee93bc3, type: 3}
      propertyPath: m_LocalRotation.w
      value: 0.97629607
      objectReference: {fileID: 0}
    - target: {fileID: 400000, guid: 5a7aadd4a97215a49846f0214ee93bc3, type: 3}
      propertyPath: m_RootOrder
      value: 0
      objectReference: {fileID: 0}
    - target: {fileID: 400000, guid: 5a7aadd4a97215a49846f0214ee93bc3, type: 3}
      propertyPath: m_LocalEulerAnglesHint.x
      value: -25
      objectReference: {fileID: 0}
    - target: {fileID: 400000, guid: 5a7aadd4a97215a49846f0214ee93bc3, type: 3}
      propertyPath: m_LocalEulerAnglesHint.y
      value: 0
      objectReference: {fileID: 0}
    - target: {fileID: 400000, guid: 5a7aadd4a97215a49846f0214ee93bc3, type: 3}
      propertyPath: m_LocalEulerAnglesHint.z
      value: 0
      objectReference: {fileID: 0}
    - target: {fileID: 400000, guid: 5a7aadd4a97215a49846f0214ee93bc3, type: 3}
      propertyPath: m_LocalScale.x
      value: 10
      objectReference: {fileID: 0}
    - target: {fileID: 400000, guid: 5a7aadd4a97215a49846f0214ee93bc3, type: 3}
      propertyPath: m_LocalScale.y
      value: 25
      objectReference: {fileID: 0}
    - target: {fileID: 400000, guid: 5a7aadd4a97215a49846f0214ee93bc3, type: 3}
      propertyPath: m_LocalScale.z
      value: 25
      objectReference: {fileID: 0}
    m_RemovedComponents: []
  m_SourcePrefab: {fileID: 100100000, guid: 5a7aadd4a97215a49846f0214ee93bc3, type: 3}
--- !u!4 &1525420990324499779 stripped
Transform:
  m_CorrespondingSourceObject: {fileID: 400000, guid: 5a7aadd4a97215a49846f0214ee93bc3,
    type: 3}
  m_PrefabInstance: {fileID: 1525420990324113347}
  m_PrefabAsset: {fileID: 0}
--- !u!1001 &4683936934381602235
PrefabInstance:
  m_ObjectHideFlags: 0
  serializedVersion: 2
  m_Modification:
    m_TransformParent: {fileID: 6950380783420938726}
    m_Modifications:
    - target: {fileID: 100000, guid: 113ee269054909d468225e09f0b317c5, type: 3}
      propertyPath: m_Name
      value: GoodShield
      objectReference: {fileID: 0}
    - target: {fileID: 400000, guid: 113ee269054909d468225e09f0b317c5, type: 3}
      propertyPath: m_LocalPosition.x
      value: -0
      objectReference: {fileID: 0}
    - target: {fileID: 400000, guid: 113ee269054909d468225e09f0b317c5, type: 3}
      propertyPath: m_LocalPosition.y
      value: 0
      objectReference: {fileID: 0}
    - target: {fileID: 400000, guid: 113ee269054909d468225e09f0b317c5, type: 3}
      propertyPath: m_LocalPosition.z
      value: 0
      objectReference: {fileID: 0}
    - target: {fileID: 400000, guid: 113ee269054909d468225e09f0b317c5, type: 3}
      propertyPath: m_LocalRotation.x
      value: -0.7071068
      objectReference: {fileID: 0}
    - target: {fileID: 400000, guid: 113ee269054909d468225e09f0b317c5, type: 3}
      propertyPath: m_LocalRotation.y
      value: 0
      objectReference: {fileID: 0}
    - target: {fileID: 400000, guid: 113ee269054909d468225e09f0b317c5, type: 3}
      propertyPath: m_LocalRotation.z
      value: -0
      objectReference: {fileID: 0}
    - target: {fileID: 400000, guid: 113ee269054909d468225e09f0b317c5, type: 3}
      propertyPath: m_LocalRotation.w
      value: 0.7071067
      objectReference: {fileID: 0}
    - target: {fileID: 400000, guid: 113ee269054909d468225e09f0b317c5, type: 3}
      propertyPath: m_RootOrder
      value: 1
      objectReference: {fileID: 0}
    - target: {fileID: 400000, guid: 113ee269054909d468225e09f0b317c5, type: 3}
      propertyPath: m_LocalEulerAnglesHint.x
      value: 0
      objectReference: {fileID: 0}
    - target: {fileID: 400000, guid: 113ee269054909d468225e09f0b317c5, type: 3}
      propertyPath: m_LocalEulerAnglesHint.y
      value: 0
      objectReference: {fileID: 0}
    - target: {fileID: 400000, guid: 113ee269054909d468225e09f0b317c5, type: 3}
      propertyPath: m_LocalEulerAnglesHint.z
      value: 0
      objectReference: {fileID: 0}
    - target: {fileID: 400000, guid: 113ee269054909d468225e09f0b317c5, type: 3}
      propertyPath: m_LocalScale.x
      value: 20
      objectReference: {fileID: 0}
    - target: {fileID: 400000, guid: 113ee269054909d468225e09f0b317c5, type: 3}
      propertyPath: m_LocalScale.y
      value: 30
      objectReference: {fileID: 0}
    - target: {fileID: 400000, guid: 113ee269054909d468225e09f0b317c5, type: 3}
      propertyPath: m_LocalScale.z
      value: 40
      objectReference: {fileID: 0}
    m_RemovedComponents: []
  m_SourcePrefab: {fileID: 100100000, guid: 113ee269054909d468225e09f0b317c5, type: 3}
--- !u!4 &4683936934381477691 stripped
Transform:
  m_CorrespondingSourceObject: {fileID: 400000, guid: 113ee269054909d468225e09f0b317c5,
    type: 3}
  m_PrefabInstance: {fileID: 4683936934381602235}
  m_PrefabAsset: {fileID: 0}
